<?xml version="1.0" encoding="UTF-8"?><collection xmlns="http://www.loc.gov/MARC21/slim"><record><leader>00527nam--2200169-i-4500</leader><controlfield tag="001">000040258</controlfield><controlfield tag="002">20161230</controlfield><controlfield tag="005">20161230201042</controlfield><controlfield tag="008">060222s1000------------r-----000-0-eng-d</controlfield><datafield ind1=" " ind2=" " tag="040"><subfield code="a">IFIN-HH</subfield></datafield><datafield ind1=" " ind2=" " tag="080"><subfield code="a">015:539.163.3:546.47</subfield></datafield><datafield ind1="1" ind2=" " tag="100"><subfield code="a">Salzberg, Jose Bernardo</subfield></datafield><datafield ind1="1" ind2="0" tag="245"><subfield code="a">Gamma-gamma directional correlation experiments in the decay of sb125</subfield><subfield code="b">Dissertation</subfield><subfield code="c">Jose bernardo salzberg</subfield></datafield><datafield ind1=" " ind2=" " tag="260"><subfield code="a">Ann Arbor, Michigan</subfield><subfield code="b">University Microfilms</subfield><subfield code="c">1971</subfield></datafield><datafield ind1=" " ind2=" " tag="300"><subfield code="a">71P</subfield></datafield><datafield ind1=" " ind2=" " tag="852"><subfield code="a">37876</subfield><subfield code="c">539.16</subfield></datafield><datafield ind1=" " ind2=" " tag="CAT"><subfield code="a">Sys</subfield><subfield code="c">20120515</subfield><subfield code="h">134359</subfield></datafield></record></collection>